<?xml version="1.0" encoding="UTF-8"?><collection xmlns="http://www.loc.gov/MARC21/slim"><record><leader>00398nam--2200121-i-4500</leader><controlfield tag="001">000029260</controlfield><controlfield tag="002">20161230</controlfield><controlfield tag="005">20161230201037</controlfield><controlfield tag="008">060222s1000------------r-----000-0-eng-d</controlfield><datafield ind1=" " ind2=" " tag="100"><subfield code="a">Lewins, Jeffery</subfield></datafield><datafield ind1=" " ind2=" " tag="245"><subfield code="a">Importance the adjoint function. the physical of variational and perturbation theory in transport and diffusion problems</subfield></datafield><datafield ind1=" " ind2=" " tag="260"><subfield code="a">Oxford, Pergamon Press, 1965, Xxii + 172p</subfield></datafield><datafield ind1=" " ind2=" " tag="852"><subfield code="a">24281</subfield></datafield></record></collection>